@book{1,
  author = {Donald E. Knuth},
  year = {1986},
  title = {The {\TeX} Book},
  publisher = {Addison-Wesley Professional}
}

@book{2,
  author = {Frank Mittelbach and Michel Gossens
            and Johannes Braams and David Carlisle
            and Chris Rowley},
  year = {2004},
  title = {The {\LaTeX} Companion},
  publisher = {Addison-Wesley Professional},
  edition = {2}
}

@book{3,
  author = {Leslie Lamport},
  year = {1994},
  title = {{\LaTeX}: a Document Preparation System},
  publisher = {Addison Wesley},
  address = {Massachusetts},
  edition = {2}
}

@article{4,
  title={Literate Programming},
  author={Donald E. Knuth},
  journal={The Computer Journal},
  volume={27},
  number={2},
  pages={97--111},
  year={1984},
  publisher={Oxford University Press}
}

@inproceedings{5,
  title={Computer Typesetting of Technical Journals on {UNIX}},
  author={Michael Lesk and Brian Kernighan},
  booktitle={Proceedings of American Federation of
             Information Processing Societies: 1977
             National Computer Conference},
  pages={879--888},
  year={1977},
  address={Dallas, Texas}
}

@article{louis2016who,
  title={The 2016 World Health Organization classification of tumors of the central nervous system: a summary},
  author={Louis, David N and Perry, Arie and Reifenberger, Guido and others},
  journal={Acta neuropathologica},
  volume={131},
  number={6},
  pages={803--820},
  year={2016},
  publisher={Springer}
}

@misc{cancer_gov,
  author = {{National Cancer Institute}},
  title = {Brain Tumors},
  year = {2024},
  howpublished = {\url{https://www.cancer.gov/types/brain}},
  note = {Accessed: 2025-04-15}
}

@misc{mayo_clinic,
  author = {{Mayo Clinic}},
  title = {Brain Tumor Overview},
  year = {2024},
  howpublished = {\url{https://www.mayoclinic.org/diseases-conditions/brain-tumor}},
  note = {Accessed: 2025-04-15}
}
